% Encoding: UTF-8
@book{IrodovMechanics,
	title = {Fundamental Laws of Mechanics},
	year = {2004},
	author = {Irodov, I.~E.} ,
	language = {english},
	langid = {english},
	publisher = {CBS publishers \& distributors},
	isbn = {9788123903040},
}

@book{IrodovProblems,
   title =     {Problems in general physics},
   author =    {Irodov, I.~E.},
   publisher = {Mir Publishers},
   isbn =      {9785030008004},
   year =      {1988},
   edition =   {Revised},
   url =       {http://gen.lib.rus.ec/book/index.php?md5=B875A6372DF9BB187A17BFD793B6F2A9}
 }
   
@Book{BerkeleyMechanics,
  author    = {Kittel, Ch. and Knight, W.~D. and Malvin A. Ruderman, M.~A. and Helmholz, A. C.  and Moyer, B.~J.},
  title     = {Mechanics (Berkeley Physics Course, Vol. 1)},
  year      = {1973},
  publisher = {McGraw-Hill Book Company},
  	language = {english},
  	langid = {english},
  isbn      = {0070048800},
}

@Book{BerkeleyWaves,
  author    = {Crawford, F.~S.},
  title     = {Waves, (Berkeley Physics Course, Vol. 3)},
  year      = {1968},
  publisher = {McGraw-Hill Book Company},
  	language = {english},
  	langid = {english},
}

@BOOK{FLF1,
   author = {R. Feynman and R. Lejton and M. Sends},
   title = "Lectures on physics. Vol. 1. Mainly mechanics, radiation, and heat",
   publisher = "Basic Books",
   year = {2010},
   pagetotal = 968,
   url = {http://www.feynmanlectures.caltech.edu/I_toc.html},
   medium = {Electronic resource},
   language = {english},
   edition = "New Millenium Edition",
}

@BOOK{Holyday,
   author = {D. Halliday and R. Resnik and J. Walker},
   title = {Fundamentals of Physics},
   publisher = {},
   year = {},
   pagetotal =  1450,
   language = {english},
   edition = {10},
}

@BOOK{Crowell1,
   author = {Crowell, B.},
   title = {Mechanics},
   publisher = {Light and Matter},
   language = {english},
   url = {http://www.lightandmatter.com/mechanics/},
   eprint = {http://www.lightandmatter.com/mechanics/},
}